@book{eng_comp,
    author = {Torczon, Linda and Cooper, Keith},
    title = {Engineering A Compiler},
    year = {2007},
    isbn = {012088478X},
    publisher = {Morgan Kaufmann Publishers Inc.},
    address = {San Francisco, CA, USA},
    edition = {2nd}
}

@misc{llvm,
  author = "{{LLVM}}",
  title = "LLVM Language Reference Manual {[online]}",
  url = "https://llvm.org/docs/LangRef.html",
  type = {web page},
  note = "[visited on 2022-02-03]"
}

@book{dragonbook,
    author = {Aho, Alfred V. and Lam, Monica S. and Sethi, Ravi and Ullman, Jeffrey D.},
    title = {Compilers: Principles, Techniques, and Tools},
    year = {2006},
    isbn = {0321486811},
    publisher = {Addison-Wesley Longman Publishing Co., Inc.},
    address = {USA},
    edition = {2nd}
}

@book{linux_interface,
    author = {Kerrisk, Michael},
    title = {The Linux Programming Interface: A Linux and UNIX System Programming Handbook},
    year = {2010},
    isbn = {1593272200},
    publisher = {No Starch Press},
    address = {USA},
    edition = {1st}
}

@book{testing,
    author = {Huizinga, Dorota and Kolawa, Adam},
    title = {Automated Defect Prevention: Best Practices in Software Management},
    year = {2007},
    isbn = {0470042125},
    publisher = {Wiley-IEEE Computer Society Pr},
    edition = {1st}
}

@book{spa,
    title = {Static Program Analysis},
    author = {Anders Møller and Michael I. Schwartzbach},
    year = {2020},
    month = {November},
    url = {https://cs.au.dk/~amoeller/spa/},
    publisher = {Department of Computer Science, Aarhus University},
}

@misc{intel_x86,
  author = "{{Intel}}",
  title = "Intel 64 and IA-32 Architectures Software Developer’s Manual {[online]}",
  url = "https://www.intel.com/content/www/us/en/developer/articles/technical/intel-sdm.html",
  type = {web page},
  note = "[visited on 2022-02-18]"
}

@book{x86_assembly,
    title = {x86-64 Assembly Language Programming with Ubuntu},
    author = {Ed Jorgensen},
    year = {2020},
    month = {January},
    url = {http://www.egr.unlv.edu/~ed/assembly64.pdf},
    publisher = {Ed Jorgensen},
}

@book{comp_design,
    author = {Seidl, Helmut and Wilhelm, Reinhard and Hack, Sebastian},
    title = {Compiler Design: Analysis and Transformation},
    year = {2016},
    isbn = {3662507161},
    publisher = {Springer Publishing Company, Incorporated},
}

@misc{c_struct,
  author = "{{cppreference}}",
  title = "Struct declaration {[online]}",
  url = "https://en.cppreference.com/w/c/language/struct",
  type = {web page},
  note = "[visited on 2022-02-25]"
}

@misc{microc,
  author = "{{NI-APR}}",
  title = "The microC Programming Language {[online]}",
  url = "https://courses.fit.cvut.cz/NI-APR/microc.html",
  type = {web page},
  note = "[visited on 2022-02-25]"
}

@book{calling_convention,
    title = {Calling conventions for different C++ compilers and operating systems},
    author = {Agner Fog},
    year = {2010},
    month = {February},
    url = {https://www.agner.org/optimize/calling_conventions.pdf},
    publisher = {Technical University of Denmark},
}

@book{java_pattern,
    author = {Stelting, Stephen A. and Leeuwen, Olav Maassen-Van},
    title = {Applied Java Patterns},
    year = {2001},
    isbn = {0130935387},
    publisher = {Prentice Hall Professional Technical Reference},
}

@book{scala,
    author = {Odersky, Martin and Spoon, Lex and Venners, Bill},
    title = {Programming in Scala: A Comprehensive Step-by-step Guide},
    year = {2008},
    isbn = {0981531601},
    publisher = {Artima Incorporation},
    address = {Sunnyvale, CA, USA},
    edition = {1st},
}

@misc{scanf,
  author = "Michael Kerrisk",
  title = "scanf(3) — Linux manual page {[online]}",
  url = "https://man7.org/linux/man-pages/man3/scanf.3.html",
  type = {web page},
  note = "[visited on 2022-03-14]"
}

@misc{so_push,
  author = "{{Stack Overflow}}",
  title = "64-bit mode does not support 32-bit PUSH and POP instructions {[online]}",
  url = "https://stackoverflow.com/a/43435819",
  type = {web page},
  note = "[visited on 2022-03-24]"
}

@misc{option,
  author = "{{Scala Standard Library}}",
  title = "Option {[online]}",
  url = "https://www.scala-lang.org/api/current/scala/Option.html",
  type = {web page},
  note = "[visited on 2022-03-27]"
}

@misc{gcc_warning_opt,
  author = "{{GCC}}",
  title = "Options to Request or Suppress Warnings {[online]}",
  url = "https://gcc.gnu.org/onlinedocs/gcc/Warning-Options.html",
  type = {web page},
  note = "[visited on 2022-04-01]"
}

@article{rice,
  ISSN = {00029947},
  author = "Henry Gordon Rice",
  journal = {Transactions of the American Mathematical Society},
  number = {2},
  pages = {358--366},
  publisher = {American Mathematical Society},
  title = {Classes of Recursively Enumerable Sets and Their Decision Problems},
  volume = {74},
  year = {1953}
}

@misc{impl_conv,
  author = "{{Scala Contributors}}",
  title = "Can We Wean Scala Off Implicit Conversions? {[online]}",
  url = "https://contributors.scala-lang.org/t/can-we-wean-scala-off-implicit-conversions/4388",
  type = {web page},
  note = "[visited on 2022-04-11]"
}

@misc{apr,
  author = "{{NI-APR}}",
  title = "Selected Methods for Program Analysis {[online]}",
  url = "https://courses.fit.cvut.cz/NI-APR/",
  type = {web page},
  note = "[visited on 2022-04-23]"
}
